@misc {riscv_isa2,
    author = "Andrew Waterman1, and Krste Asanovi",
    title  = "The RISC-V Instruction Set Manual, Volume I: User-Level ISA, Document Version 2.2",
    month  = "may",
    year   = "2017",
    howpublished ="https://riscv.org/wp-content/uploads/2017/05/riscv-spec-v2.2.pdf"
}

@misc {riscv_iss2,
    author = "Msyksphinz.",
    title  = "RISC-V Instruction Set Specifications",
    month  = "set",
    year   = "2019",
    howpublished ="\url{https://msyksphinz-self.github.io/riscv-isadoc/html/rvi.html}"
}

@misc {sample,
    author = "Andrew Waterman1, and Krste Asanovi",
    title  = "The RISC-V Instruction Set Manual, Volume I: User-Level ISA, Document Version 2.2",
    month  = "may",
    year   = "2017",
    urlaccessdate = "12 abr. 2023",
    howpublished ="\url{https://riscv.org/wp-content/uploads/2017/05/riscv-spec-v2.2.pdf}"
}

@misc{citekey,
  author       = "",
  title        = "",
  howpublished = "",
  month        = "",
  year         = "",
  note         = "",
  annote       = ""
}



